
@article{doi:10.1063/1.3193710,
    author = {Booth,George H.  and Thom,Alex J. W.  and Alavi,Ali },
    title = {Fermion Monte Carlo without fixed nodes: A game of life, death, and annihilation in Slater determinant space},
    journal = {The Journal of Chemical Physics},
    volume = {131},
    number = {5},
    pages = {054106},
    year = {2009},
    doi = {10.1063/1.3193710},

    URL = { 
                https://aip.scitation.org/doi/abs/10.1063/1.3193710
            
    },
    eprint = { 
                https://aip.scitation.org/doi/pdf/10.1063/1.3193710
            
    }

}



